
\bibitem{b1} V. Barr e C. Stephenson, ``Bringing computational thinking to K-12: what is Involved and what is the role of the computer science education community?'', ACM Inroads, vol. 2, nº 1, Art. nº 1, fev. 2011, doi: 10.1145/1929887.1929905.
\bibitem{b2} J. M. Wing, ``Computational Thinking'', Communications of the ACM, vol. 49, nº 3, Art. nº 3, mar. 2006.
\bibitem{b3} C. P. Brackmann, ``Desenvolvimento do Pensamento Computacional Através de Atividades Desplugadas na Educação Básica'', Doutorado, Universidade Federal do Rio Grande do Sul, Porto Alegre, 2017.
\bibitem{b4} M. Filho, ``MINISTRO DE ESTADO DA EDUCAÇÃO'', p. 472.
\bibitem{b5} K. Kirkpatrick, ``Parallel computational thinking'', Commun. ACM, vol. 60, nº 12, Art. nº 12, nov. 2017, doi: 10.1145/3148760.
\bibitem{b6} ``What is computational thinking? - Introduction to computational thinking - KS3 Computer Science Revision'', BBC Bitesize. https://www.bbc.co.uk/bitesize/guides/zp92mp3/revision/1 (acessado abr. 17, 2021).
\bibitem{b7} J. M. Wing, ``Computational Thinking: What and Why?'', Link Magazine, p. 1–6, nov. 2010.
\bibitem{b8} ``TCH060: C++ Programming''. https://www.k12.com/high-school-course-list/cplusplus-programming-elective-tch060.html (acessado jun. 23, 2020).
\bibitem{b9} S. Grover e R. Pea, ``Computational Thinking in K–12: A Review of the State of the Field'', Educational Researcher, vol. 42, nº 1, Art. nº 1, jan. 2013, doi: 10.3102/0013189X12463051.
\bibitem{b10} R. S. de França, Ferreira Victor Afonso dos Santos Ferreira, L. C. F. de Almeida, e H. J. C. do Amaral, ``A disseminação do pensamento computacional na educação básica: lições aprendidas com experiências de licenciandos em computação'', p. 10, 2014.
\bibitem{b11} A. Repenning, A. Basawapatna, e N. Escherle, ``Computational thinking tools'', in 2016 IEEE Symposium on Visual Languages and Human-Centric Computing (VL/HCC), Cambridge, United Kingdom, set. 2016, p. 218–222, doi: 10.1109/VLHCC.2016.7739688.
\bibitem{b12} R. Monclar, ``Jogos com Propósito para o Ensino de Programação'', p. 9.
\bibitem{b13} M. P. J. Habgood, S. E. Ainsworth, e S. Benford, ``Endogenous fantasy and learning in digital games'', Simulation \& Gaming, vol. 36, nº 4, p. 483–498, dez. 2005, doi:10.1177/1046878105282276.
\bibitem{b14} R. Halverson, ``What Can K-12 School Leaders Learn from Video Games and Gaming?'', p. 8.
\bibitem{b15} ``Google Play''. https://play.google.com/store/apps/category/\linebreak GAME\_PUZZLE (acessado abr. 17, 2021).
\bibitem{b16} ``GOG.com'', GOG.com. www.gog.com (acessado abr. 17, 2021).
\bibitem{b17} ``Produtos com marcador ‘Programação’''. https://store.steampowered.com/tags/pt-br/Programa\%C3\%A7\%C3\%A3o/ (acessado abr. 17, 2021).
\bibitem{b18} ``Human Resource Machine – Apps no Google Play''. https://play.google.com/store/apps/details?id=com.tomorrowcorporation.\linebreak humanresourcemachine\&hl=pt\&gl=BR (acessado abr. 17, 2021).
\bibitem{b19} B. B. Taucei, ``Endo-GDC: Desenvolvimento de um Game Design Canvas para Jogos Sérios Endógenos'', p. 105.
\bibitem{b20} ``National curriculum in England: computing programmes of study'', GOV.UK. https://www.gov.uk/government/publications/national-curriculum-in-england-computing-programmes-of-study/national-curriculum-in-england-computing-programmes-of-study (acessado abr. 17, 2021).


\bibitem{b21} U. Technologies, ``Unity Real-Time Development Platform | 3D, 2D VR \& AR Engine''. https://unity.com/ (acessado abr. 17, 2021).
\bibitem{b22} B. Wagner, ``Documentação do C\# – introdução, tutoriais, referência.'' https://docs.microsoft.com/pt-br/dotnet/csharp/ (acessado abr. 17, 2021).
\bibitem{b23} ``Aseprite - Animated sprite editor \& pixel art tool''. https://www.aseprite.org/ (acessado abr. 17, 2021).