
@article{kirkpatrick_parallel_2017,
	title = {Parallel computational thinking},
	volume = {60},
	issn = {0001-0782, 1557-7317},
	doi = {10.1145/3148760},
	language = {en},
	number = {12},
	journal = {Communications of the ACM},
	author = {Kirkpatrick, Keith},
	month = nov,
	year = {2017},
	pages = {17--19},
}

@article{barr_bringing_2011,
	title = {Bringing computational thinking to {K}-12: what is {Involved} and what is the role of the computer science education community?},
	volume = {2},
	issn = {2153-2184, 2153-2192},
	shorttitle = {Bringing computational thinking to {K}-12},
	doi = {10.1145/1929887.1929905},
	language = {en},
	number = {1},
	urldate = {2020-06-02},
	journal = {ACM Inroads},
	author = {Barr, Valerie and Stephenson, Chris},
	month = feb,
	year = {2011},
	pages = {48--54},
}

@article{taucei_endo-gdc_nodate,
	title = {Endo-{GDC}: {Desenvolvimento} de um {Game} {Design} {Canvas} para {Jogos} {Sérios} {Endógenos}},
	language = {pt},
	author = {Taucei, Bernardo Blasquez},
	pages = {105},
}

@article{de_franca_disseminacao_2014,
	title = {A disseminação do pensamento computacional na educação básica: lições aprendidas com experiências de licenciandos em computação},
	abstract = {The list of necessary knowledge and skills to the full exercise of citizenship in the twenty-first century is extensive, including computational thinking in basic education, which can support and relate to other áreas. In order to disseminate computational thinking in basic education, several actions have been undertaken by undergraduates in Computer Science at a university in Brazil, and this work presents a historical account of the activities as a way to educate society about the importance of education the fundamentals of computer Science in schools. Moreover, from the lived experience, lessons learned are presented in order to stimulate further research in the area.},
	language = {pt},
	author = {de França, Rozelma Soares and Ferreira, Victor Afonso dos Santos Ferreira and de Almeida, Luma Cardoso Ferro and do Amaral, Haroldo José Costa},
	year = {2014},
	pages = {10},
}

@article{monclar_jogos_nodate,
	title = {Jogos com {Propósito} para o {Ensino} de {Programação}},
	language = {pt},
	author = {Monclar, Rafael},
	pages = {9},
}

@article{grover_computational_2013,
	title = {Computational {Thinking} in {K}–12: {A} {Review} of the {State} of the {Field}},
	volume = {42},
	issn = {0013-189X, 1935-102X},
	shorttitle = {Computational {Thinking} in {K}–12},
	doi = {10.3102/0013189X12463051},
	language = {en},
	number = {1},
	urldate = {2020-06-02},
	journal = {Educational Researcher},
	author = {Grover, Shuchi and Pea, Roy},
	month = jan,
	year = {2013},
	note = {Number: 1},
	pages = {38--43},
}

@article{wing_computational_2006,
	title = {Computational {Thinking}},
	volume = {49},
	language = {en},
	number = {3},
	journal = {Communications of the ACM},
	author = {Wing, Jeanette M},
	month = mar,
	year = {2006},
	note = {Number: 3},
	pages = {33--35},
}

@article{wing_computational_2010,
	title = {Computational {Thinking}: {What} and {Why}?},
	journal = {Link Magazine},
	author = {Wing, Jeanette M},
	month = nov,
	year = {2010},
	pages = {1--6},
}

@phdthesis{brackmann_desenvolvimento_2017,
	address = {Porto Alegre},
	type = {Doutorado},
	title = {Desenvolvimento do {Pensamento} {Computacional} {Através} de {Atividades} {Desplugadas} na {Educação} {Básica}},
	abstract = {Computadores impactam em quase todos os aspectos de nossas vidas, porém as escolas não conseguem acompanhar esse caminho sem volta. A simples utilização massiva de aparatos tecnológicos na sala de aula não garante a melhoria do ensino, porém pode ser o meio pelo qual os estudantes encontram alternativas para a solução de problemas complexos. O Pensamento Computacional é uma abordagem de ensino que usa diversas técnicas oriundas da Ciência da Computação e vem gerando um novo foco educacional no quesito inovação nas escolas mundiais como um conjunto de competências de solução de problemas que devem ser compreendidos por uma nova geração de estudantes em conjunto com as novas competências do século 21 (i.e., pensamento crítico, colaboração, etc.). Até o momento, não há um consenso de metodologia de ensino e disponibilidade de material para atender as expectativas dos professores. Para auxiliar sanar essa incerteza, esta pesquisa tem como objetivo a verificação da possibilidade de desenvolver o Pensamento Computacional na Educação Básica utilizando exclusivamente atividades desplugadas (sem o uso de computadores) em estudantes da educação primária para que crianças em regiões/escolas onde não há omputadores/dispositivos eletrônicos, Internet e até mesmo energia elétrica também possam se beneficiar desse método. Os resultados obtidos através de uma abordagem Quase-Experimental em escolas Espanholas e Brasileiras, apresentam dados estatísticos que apontam uma melhoria significativa no desempenho dos estudantes que tiveram atividades de Pensamento Computacional Desplugado em ambos os países.},
	language = {pt-br},
	school = {Universidade Federal do Rio Grande do Sul},
	author = {Brackmann, Christian Puhlmann},
	month = aug,
	year = {2017},
}

@article{halverson_what_nodate,
	title = {What {Can} {K}-12 {School} {Leaders} {Learn} from {Video} {Games} and {Gaming}?},
	language = {en},
	author = {Halverson, Richard},
	pages = {8},
}

@misc{tch060,
	title = {{TCH060}: {C}++ {Programming}},
	url = {https://www.k12.com/high-school-course-list/cplusplus-programming-elective-tch060.html},
	urldate = {2020-06-23},
}

@inproceedings{repenning_computational_2016,
	address = {Cambridge, United Kingdom},
	title = {Computational thinking tools},
	isbn = {978-1-5090-0252-8},
	doi = {10.1109/VLHCC.2016.7739688},
	abstract = {Computational Thinking is an essential skill for all students in the 21st Century. A fundamental question is how can we create computer affordances to empower novice teachers and students, in a variety of STEM and art disciplines, to think computationally while avoiding difficult overhead emerging from traditional coding? Over the last 20 years we have iteratively developed tools that aim to support computational thinking. As these tools evolved a philosophy emerged to support Computational Thinking by joining human abilities with computer affordances. Chief among these findings is that supporting Computational Thinking is much more than making coding accessible. Computational Thinking Tools aim to minimize coding overhead by supporting users through three fundamental stages of the Computational Thinking development cycle: problem formulation, solution expression, and solution execution/evaluation.},
	language = {en},
	booktitle = {2016 {IEEE} {Symposium} on {Visual} {Languages} and {Human}-{Centric} {Computing} ({VL}/{HCC})},
	publisher = {IEEE},
	author = {Repenning, Alexander and Basawapatna, Ashok and Escherle, Nora},
	month = sep,
	year = {2016},
	pages = {218--222},
}

@misc{ministerio_da_educacao_base_2018,
	title = {Base {Nacional} {Comum} {Curricular}},
	language = {pt},
	year = {2018},
	pages = {600}
}

@misc{humanresourcemachine,
	title = {Human {Resource} {Machine} no {Steam}},
	url = {https://store.steampowered.com/app/375820/Human\_Resource\_Machine/},
	language = {pt-br},
	urldate = {2020-12-13},
}

@article{habgood_endogenous_2005,
	title = {Endogenous fantasy and learning in digital games},
	volume = {36},
	issn = {1046-8781, 1552-826X},
	doi = {10.1177/1046878105282276},
	abstract = {Many people believe that educational games are effective because they motivate children to actively engage in a learning activity as part of playing the game. However, seminal work by Malone, exploring the motivational aspects of digital games, concluded that the educational effectiveness of a digital game depends on the way in which learning content is integrated into the fantasy context of the game. In particular, he claimed that content that is intrinsically related to the fantasy will produce better learning than that which is merely extrinsically related. However, this distinction between intrinsic and extrinsic (or endogenous and exogenous) fantasy is a concept that has developed a confused standing over the following years. This article will address this confusion by providing a review and critique of the empirical and theoretical foundations of endogenous fantasy and its relevance to creating educational digital games. Substantial concerns are raised about the empirical basis of this work and a theoretical critique of endogenous fantasy is offered, concluding that endogenous fantasy is a misnomer, insofar as the “integral and continuing relationship” of fantasy cannot be justified as a critical means of improving the effectiveness of educational digital games. An alternative perspective on the intrinsic integration of learning content is described, incorporating game mechanics, flow, and representations.},
	language = {en},
	number = {4},
	journal = {Simulation \& Gaming},
	author = {Habgood, M. P. J. and Ainsworth, S. E. and Benford, S.},
	month = dec,
	year = {2005},
	pages = {483--498},
}

@misc{BBC,
	title = {What is computational thinking? - {Introduction} to computational thinking - {KS3} {Computer} {Science} {Revision}},
	shorttitle = {What is computational thinking?},
	url = {https://www.bbc.co.uk/bitesize/guides/zp92mp3/revision/1},
	language = {en-GB},
	urldate = {2021-04-17}
}

@misc{gogcom,
	title = {{GOG}.com},
	url ={www.gog.com},
	abstract = {Download the best classic and new games on Windows, Mac \& Linux. A vast selection of titles, DRM-free, with free goodies and 30-day money-back guarantee.},
	language = {en-US},
	urldate = {2021-04-17},
}

@misc{googleplay,
	title = {Google {Play}},
	url = {https://play.google.com/store?hl=pt\&gl=BR},
	language = {pt},
	urldate = {2021-04-17},
}

@misc{wagner_documentacao_nodate,
	title = {Documentação do {C}\# – introdução, tutoriais, referência.},
	url = {https://docs.microsoft.com/pt-br/dotnet/csharp/},
	abstract = {Aprenda sobre programação C\# – para desenvolvedores iniciantes, novos em C\# e experientes em C\#/.NET},
	language = {pt-br},
	urldate = {2021-04-17},
	author = {Wagner, Bill},
}

@misc{steam_tag_programming,
    title = {Produtos com marcador ``Programação''},
    url = {https://store.steampowered.com/tags/pt.br/Programming/},
    urldate = {2021-09-02},
}

@misc{unity,
    title = {Unity Real-Time Development Platform | 3D, 2D, VR \& AR Engine},
    url = {https://unity.com},
    urldate = {2021-09-02},
}

@misc{govuk,
    title={National curriculum in England: computing programmes of study},
    url={https://www.gov.uk/government/publications/national-curriculum-in-england-computing-programmes-of-study/national-curriculum-in-england-computing-programmes-of-study},
    urldate={2021-04-17},
}

@misc{aseprite,
    title={Aseprite - Animated sprite editor \& pixel art tool},
    url={https://www.aseprite.org},
    urldate={2021-04-17},
}
